@book{HB
}

@book{ICSAF
}

@book{Pazy
}

@book{BK
}

@book{PDEPT,
  author         = {},
  editor         = {},
  publisher      = {},
  title          = {},
  year           = {}
}